@article{wang2018multiplexed,
  title={Multiplexed imaging of high-density libraries of RNAs with MERFISH and expansion microscopy},
  author={Wang, Guiping and Moffitt, Jeffrey R and Zhuang, Xiaowei},
  journal={Scientific reports},
  volume={8},
  number={1},
  pages={1--13},
  year={2018},
  publisher={Nature Publishing Group}
}
@article{eng2019transcriptome,
  title={Transcriptome-scale super-resolved imaging in tissues by RNA seqFISH+},
  author={Eng, Chee-Huat Linus and Lawson, Michael and Zhu, Qian and Dries, Ruben and Koulena, Noushin and Takei, Yodai and Yun, Jina and Cronin, Christopher and Karp, Christoph and Yuan, Guo-Cheng and others},
  journal={Nature},
  volume={568},
  number={7751},
  pages={235--239},
  year={2019},
  publisher={Nature Publishing Group}
}
@article{jumper2021highly,
  title={Highly accurate protein structure prediction with AlphaFold},
  author={Jumper, John and Evans, Richard and Pritzel, Alexander and Green, Tim and Figurnov, Michael and Ronneberger, Olaf and Tunyasuvunakool, Kathryn and Bates, Russ and {\v{Z}}{\'\i}dek, Augustin and Potapenko, Anna and others},
  journal={Nature},
  volume={596},
  number={7873},
  pages={583--589},
  year={2021},
  publisher={Nature Publishing Group}
}
@article{sapoval2022current,
  title={Current progress and open challenges for applying deep learning across the biosciences},
  author={Sapoval, Nicolae and Aghazadeh, Amirali and Nute, Michael G and Antunes, Dinler A and Balaji, Advait and Baraniuk, Richard and Barberan, CJ and Dannenfelser, Ruth and Dun, Chen and Edrisi, Mohammadamin and others},
  journal={Nature Communications},
  volume={13},
  number={1},
  pages={1--12},
  year={2022},
  publisher={Nature Publishing Group}
}
@article{vincent2010stacked,
  title={Stacked denoising autoencoders: Learning useful representations in a deep network with a local denoising criterion.},
  author={Vincent, Pascal and Larochelle, Hugo and Lajoie, Isabelle and Bengio, Yoshua and Manzagol, Pierre-Antoine and Bottou, L{\'e}on},
  journal={Journal of machine learning research},
  volume={11},
  number={12},
  year={2010}
}
@article{kingma2013auto,
  title={Auto-encoding variational bayes},
  author={Kingma, Diederik P and Welling, Max},
  journal={arXiv preprint arXiv:1312.6114},
  year={2013}
}
@article{vaswani2017attention,
  title={Attention is all you need},
  author={Vaswani, Ashish and Shazeer, Noam and Parmar, Niki and Uszkoreit, Jakob and Jones, Llion and Gomez, Aidan N and Kaiser, {\L}ukasz and Polosukhin, Illia},
  journal={Advances in neural information processing systems},
  volume={30},
  year={2017}
}
@article{lin2017using,
  title={Using neural networks for reducing the dimensions of single-cell RNA-Seq data},
  author={Lin, Chieh and Jain, Siddhartha and Kim, Hannah and Bar-Joseph, Ziv},
  journal={Nucleic acids research},
  volume={45},
  number={17},
  pages={e156--e156},
  year={2017},
  publisher={Oxford University Press}
}
@article{eraslan2019single,
  title={Single-cell RNA-seq denoising using a deep count autoencoder},
  author={Eraslan, G{\"o}kcen and Simon, Lukas M and Mircea, Maria and Mueller, Nikola S and Theis, Fabian J},
  journal={Nature communications},
  volume={10},
  number={1},
  pages={1--14},
  year={2019},
  publisher={Nature Publishing Group}
}
@article{ding2018interpretable,
  title={Interpretable dimensionality reduction of single cell transcriptome data with deep generative models},
  author={Ding, Jiarui and Condon, Anne and Shah, Sohrab P},
  journal={Nature communications},
  volume={9},
  number={1},
  pages={1--13},
  year={2018},
  publisher={Nature Publishing Group}
}
@article{lopez2018deep,
  title={Deep generative modeling for single-cell transcriptomics},
  author={Lopez, Romain and Regier, Jeffrey and Cole, Michael B and Jordan, Michael I and Yosef, Nir},
  journal={Nature methods},
  volume={15},
  number={12},
  pages={1053--1058},
  year={2018},
  publisher={Nature Publishing Group}
}
@article{wang2018vasc,
  title={VASC: dimension reduction and visualization of single-cell RNA-seq data by deep variational autoencoder},
  author={Wang, Dongfang and Gu, Jin},
  journal={Genomics, proteomics \& bioinformatics},
  volume={16},
  number={5},
  pages={320--331},
  year={2018},
  publisher={Elsevier}
}
@article{lotfollahi2019scgen,
  title={scGen predicts single-cell perturbation responses},
  author={Lotfollahi, Mohammad and Wolf, F Alexander and Theis, Fabian J},
  journal={Nature methods},
  volume={16},
  number={8},
  pages={715--721},
  year={2019},
  publisher={Nature Publishing Group}
}
@article{gronbech2020scvae,
  title={scVAE: variational auto-encoders for single-cell gene expression data},
  author={Gr{\o}nbech, Christopher Heje and Vording, Maximillian Fornitz and Timshel, Pascal N and S{\o}nderby, Casper Kaae and Pers, Tune H and Winther, Ole},
  journal={Bioinformatics},
  volume={36},
  number={16},
  pages={4415--4422},
  year={2020},
  publisher={Oxford University Press}
}
@article{petegrosso2020machine,
  title={Machine learning and statistical methods for clustering single-cell RNA-sequencing data},
  author={Petegrosso, Raphael and Li, Zhuliu and Kuang, Rui},
  journal={Briefings in bioinformatics},
  volume={21},
  number={4},
  pages={1209--1223},
  year={2020},
  publisher={Oxford University Press}
}
@article{vieth2019systematic,
  title={A systematic evaluation of single cell RNA-seq analysis pipelines},
  author={Vieth, Beate and Parekh, Swati and Ziegenhain, Christoph and Enard, Wolfgang and Hellmann, Ines},
  journal={Nature communications},
  volume={10},
  number={1},
  pages={1--11},
  year={2019},
  publisher={Nature Publishing Group}
}
@article{codeluppi2018spatial,
  title={Spatial organization of the somatosensory cortex revealed by osmFISH},
  author={Codeluppi, Simone and Borm, Lars E and Zeisel, Amit and La Manno, Gioele and van Lunteren, Josina A and Svensson, Camilla I and Linnarsson, Sten},
  journal={Nature methods},
  volume={15},
  number={11},
  pages={932--935},
  year={2018},
  publisher={Nature Publishing Group}
}
@article{boulias2022biological,
  title={Biological roles of adenine methylation in RNA},
  author={Boulias, Konstantinos and Greer, Eric Lieberman},
  journal={Nature Reviews Genetics},
  pages={1--18},
  year={2022},
  publisher={Nature Publishing Group}
}
@article{liu2019accurate,
  title={Accurate detection of m6A RNA modifications in native RNA sequences},
  author={Liu, Huanle and Begik, Oguzhan and Lucas, Morghan C and Ramirez, Jose Miguel and Mason, Christopher E and Wiener, David and Schwartz, Schraga and Mattick, John S and Smith, Martin A and Novoa, Eva Maria},
  journal={Nature communications},
  volume={10},
  number={1},
  pages={1--9},
  year={2019},
  publisher={Nature Publishing Group}
}
@article{jenjaroenpun2021decoding,
  title={Decoding the epitranscriptional landscape from native RNA sequences},
  author={Jenjaroenpun, Piroon and Wongsurawat, Thidathip and Wadley, Taylor D and Wassenaar, Trudy M and Liu, Jun and Dai, Qing and Wanchai, Visanu and Akel, Nisreen S and Jamshidi-Parsian, Azemat and Franco, Aime T and others},
  journal={Nucleic acids research},
  volume={49},
  number={2},
  pages={e7--e7},
  year={2021},
  publisher={Oxford University Press}
}
@article{simpson2017detecting,
  title={Detecting DNA cytosine methylation using nanopore sequencing},
  author={Simpson, Jared T and Workman, Rachael E and Zuzarte, PC and David, Matei and Dursi, LJ and Timp, Winston},
  journal={Nature methods},
  volume={14},
  number={4},
  pages={407--410},
  year={2017},
  publisher={Nature Publishing Group}
}
@article{linder2015single,
  title={Single-nucleotide-resolution mapping of m6A and m6Am throughout the transcriptome},
  author={Linder, Bastian and Grozhik, Anya V and Olarerin-George, Anthony O and Meydan, Cem and Mason, Christopher E and Jaffrey, Samie R},
  journal={Nature methods},
  volume={12},
  number={8},
  pages={767--772},
  year={2015},
  publisher={Nature Publishing Group}
}
@article{ke2015majority,
  title={A majority of m6A residues are in the last exons, allowing the potential for 3â€² UTR regulation},
  author={Ke, Shengdong and Alemu, Endalkachew A and Mertens, Claudia and Gantman, Emily Conn and Fak, John J and Mele, Aldo and Haripal, Bhagwattie and Zucker-Scharff, Ilana and Moore, Michael J and Park, Christopher Y and others},
  journal={Genes \& development},
  volume={29},
  number={19},
  pages={2037--2053},
  year={2015},
  publisher={Cold Spring Harbor Lab}
}
@article{mantri2021spatiotemporal,
  title={Spatiotemporal single-cell RNA sequencing of developing chicken hearts identifies interplay between cellular differentiation and morphogenesis},
  author={Mantri, Madhav and Scuderi, Gaetano J and Abedini-Nassab, Roozbeh and Wang, Michael FZ and McKellar, David and Shi, Hao and Grodner, Benjamin and Butcher, Jonathan T and De Vlaminck, Iwijn},
  journal={Nature communications},
  volume={12},
  number={1},
  pages={1--13},
  year={2021},
  publisher={Nature Publishing Group}
}
@article{lewis2021spatial,
  title={Spatial omics and multiplexed imaging to explore cancer biology},
  author={Lewis, Sabrina M and Asselin-Labat, Marie-Liesse and Nguyen, Quan and Berthelet, Jean and Tan, Xiao and Wimmer, Verena C and Merino, Delphine and Rogers, Kelly L and Naik, Shalin H},
  journal={Nature methods},
  pages={1--16},
  year={2021},
  publisher={Nature Publishing Group}
}
@article{mccarthy2011reframing,
  title={Reframing sexual differentiation of the brain},
  author={McCarthy, Margaret M and Arnold, Arthur P},
  journal={Nature neuroscience},
  volume={14},
  number={6},
  pages={677--683},
  year={2011},
  publisher={Nature Publishing Group}
}
@article{dewing2003sexually,
  title={Sexually dimorphic gene expression in mouse brain precedes gonadal differentiation},
  author={Dewing, Phoebe and Shi, Tao and Horvath, Steve and Vilain, Eric},
  journal={Molecular Brain Research},
  volume={118},
  number={1-2},
  pages={82--90},
  year={2003},
  publisher={Elsevier}
}
@article{traag2019louvain,
  title={From Louvain to Leiden: guaranteeing well-connected communities},
  author={Traag, Vincent A and Waltman, Ludo and Van Eck, Nees Jan},
  journal={Scientific reports},
  volume={9},
  number={1},
  pages={1--12},
  year={2019},
  publisher={Nature Publishing Group}
}
@article{blondel2008fast,
  title={Fast unfolding of communities in large networks},
  author={Blondel, Vincent D and Guillaume, Jean-Loup and Lambiotte, Renaud and Lefebvre, Etienne},
  journal={Journal of statistical mechanics: theory and experiment},
  volume={2008},
  number={10},
  pages={P10008},
  year={2008},
  publisher={IOP Publishing}
}
@article{zhu2018identification,
  title={Identification of spatially associated subpopulations by combining scRNAseq and sequential fluorescence in situ hybridization data},
  author={Zhu, Qian and Shah, Sheel and Dries, Ruben and Cai, Long and Yuan, Guo-Cheng},
  journal={Nature biotechnology},
  volume={36},
  number={12},
  pages={1183},
  year={2018},
  publisher={Nature Publishing Group}
}
@article{xu2015identification,
  title={Identification of cell types from single-cell transcriptomes using a novel clustering method},
  author={Xu, Chen and Su, Zhengchang},
  journal={Bioinformatics},
  volume={31},
  number={12},
  pages={1974--1980},
  year={2015},
  publisher={Oxford University Press}
}
@article{zappia2017splatter,
  title={Splatter: simulation of single-cell RNA sequencing data},
  author={Zappia, Luke and Phipson, Belinda and Oshlack, Alicia},
  journal={Genome biology},
  volume={18},
  number={1},
  pages={1--15},
  year={2017},
  publisher={BioMed Central}
}
@article{moffitt2018molecular,
  title={Molecular, spatial, and functional single-cell profiling of the hypothalamic preoptic region},
  author={Moffitt, Jeffrey R and Bambah-Mukku, Dhananjay and Eichhorn, Stephen W and Vaughn, Eric and Shekhar, Karthik and Perez, Julio D and Rubinstein, Nimrod D and Hao, Junjie and Regev, Aviv and Dulac, Catherine and others},
  journal={Science},
  volume={362},
  number={6416},
  year={2018},
  publisher={American Association for the Advancement of Science}
}
@incollection{moffitt2016rna,
  title={RNA imaging with multiplexed error-robust fluorescence in situ hybridization (MERFISH)},
  author={Moffitt, Jeffrey R and Zhuang, Xiaowei},
  booktitle={Methods in enzymology},
  volume={572},
  pages={1--49},
  year={2016},
  publisher={Elsevier}
}
@article{besag1986statistical,
  title={On the statistical analysis of dirty pictures},
  author={Besag, Julian},
  journal={Journal of the Royal Statistical Society: Series B (Methodological)},
  volume={48},
  number={3},
  pages={259--279},
  year={1986},
  publisher={Wiley Online Library}
}
@article{lake2016neuronal,
  title={Neuronal subtypes and diversity revealed by single-nucleus RNA sequencing of the human brain},
  author={Lake, Blue B and Ai, Rizi and Kaeser, Gwendolyn E and Salathia, Neeraj S and Yung, Yun C and Liu, Rui and Wildberg, Andre and Gao, Derek and Fung, Ho-Lim and Chen, Song and others},
  journal={Science},
  volume={352},
  number={6293},
  pages={1586--1590},
  year={2016},
  publisher={American Association for the Advancement of Science}
}
@inproceedings{vincent2008extracting,
  title={Extracting and composing robust features with denoising autoencoders},
  author={Vincent, Pascal and Larochelle, Hugo and Bengio, Yoshua and Manzagol, Pierre-Antoine},
  booktitle={Proceedings of the 25th international conference on Machine learning},
  pages={1096--1103},
  year={2008}
}
@article{tian2019clustering,
  title={Clustering single-cell RNA-seq data with a model-based deep learning approach},
  author={Tian, Tian and Wan, Ji and Song, Qi and Wei, Zhi},
  journal={Nature Machine Intelligence},
  volume={1},
  number={4},
  pages={191--198},
  year={2019},
  publisher={Nature Publishing Group}
}
@inproceedings{xie2016unsupervised,
  title={Unsupervised deep embedding for clustering analysis},
  author={Xie, Junyuan and Girshick, Ross and Farhadi, Ali},
  booktitle={International conference on machine learning},
  pages={478--487},
  year={2016}
}

@article{finak2015mast,
  title={MAST: a flexible statistical framework for assessing transcriptional changes and characterizing heterogeneity in single-cell RNA sequencing data},
  author={Finak, Greg and McDavid, Andrew and Yajima, Masanao and Deng, Jingyuan and Gersuk, Vivian and Shalek, Alex K and Slichter, Chloe K and Miller, Hannah W and McElrath, M Juliana and Prlic, Martin and others},
  journal={Genome biology},
  volume={16},
  number={1},
  pages={1--13},
  year={2015},
  publisher={BioMed Central}
}
@article{kwon2013single,
  title={Single-molecule fluorescence in situ hybridization: quantitative imaging of single RNA molecules},
  author={Kwon, Sunjong},
  journal={BMB reports},
  volume={46},
  number={2},
  pages={65},
  year={2013},
  publisher={Korean Society for Biochemistry and Molecular Biology}
}
@article{wolf2018scanpy,
  title={SCANPY: large-scale single-cell gene expression data analysis},
  author={Wolf, F Alexander and Angerer, Philipp and Theis, Fabian J},
  journal={Genome biology},
  volume={19},
  number={1},
  pages={1--5},
  year={2018},
  publisher={BioMed Central}
}
@article{stuart2019comprehensive,
  title={Comprehensive integration of single-cell data},
  author={Stuart, Tim and Butler, Andrew and Hoffman, Paul and Hafemeister, Christoph and Papalexi, Efthymia and Mauck III, William M and Hao, Yuhan and Stoeckius, Marlon and Smibert, Peter and Satija, Rahul},
  journal={Cell},
  volume={177},
  number={7},
  pages={1888--1902},
  year={2019},
  publisher={Elsevier}
}
@article{butler2018integrating,
  title={Integrating single-cell transcriptomic data across different conditions, technologies, and species},
  author={Butler, Andrew and Hoffman, Paul and Smibert, Peter and Papalexi, Efthymia and Satija, Rahul},
  journal={Nature biotechnology},
  volume={36},
  number={5},
  pages={411--420},
  year={2018},
  publisher={Nature Publishing Group}
}
@article{eng2017profiling,
  title={Profiling the transcriptome with RNA SPOTs},
  author={Eng, Chee-Huat Linus and Shah, Sheel and Thomassie, Julian and Cai, Long},
  journal={Nature methods},
  volume={14},
  number={12},
  pages={1153--1155},
  year={2017},
  publisher={Nature Publishing Group}
}
@article{wang2018three,
  title={Three-dimensional intact-tissue sequencing of single-cell transcriptional states},
  author={Wang, Xiao and Allen, William E and Wright, Matthew A and Sylwestrak, Emily L and Samusik, Nikolay and Vesuna, Sam and Evans, Kathryn and Liu, Cindy and Ramakrishnan, Charu and Liu, Jia and others},
  journal={Science},
  volume={361},
  number={6400},
  year={2018},
  publisher={American Association for the Advancement of Science}
}
@article{schiller2019human,
  title={The Human Lung Cell Atlas: a high-resolution reference map of the human lung in health and disease},
  author={Schiller, Herbert B and Montoro, Daniel T and Simon, Lukas M and Rawlins, Emma L and Meyer, Kerstin B and Strunz, Maximilian and Vieira Braga, Felipe A and Timens, Wim and Koppelman, Gerard H and Budinger, GR Scott and others},
  journal={American journal of respiratory cell and molecular biology},
  volume={61},
  number={1},
  pages={31--41},
  year={2019},
  publisher={American Thoracic Society}
}
@article{park2019understanding,
  title={Understanding the kidney one cell at a time},
  author={Park, Jihwan and Liu, Chang Linda and Kim, Junhyong and Susztak, Katalin},
  journal={Kidney international},
  volume={96},
  number={4},
  pages={862--870},
  year={2019},
  publisher={Elsevier}
}
@article{chen2015spatially,
  title={Spatially resolved, highly multiplexed RNA profiling in single cells},
  author={Chen, Kok Hao and Boettiger, Alistair N and Moffitt, Jeffrey R and Wang, Siyuan and Zhuang, Xiaowei},
  journal={Science},
  volume={348},
  number={6233},
  year={2015},
  publisher={American Association for the Advancement of Science}
}
@article{lubeck2014single,
  title={Single-cell in situ RNA profiling by sequential hybridization},
  author={Lubeck, Eric and Coskun, Ahmet F and Zhiyentayev, Timur and Ahmad, Mubhij and Cai, Long},
  journal={Nature methods},
  volume={11},
  number={4},
  pages={360},
  year={2014},
  publisher={Nature Publishing Group}
}
@article{frieda2017synthetic,
  title={Synthetic recording and in situ readout of lineage information in single cells},
  author={Frieda, Kirsten L and Linton, James M and Hormoz, Sahand and Choi, Joonhyuk and Chow, Ke-Huan K and Singer, Zakary S and Budde, Mark W and Elowitz, Michael B and Cai, Long},
  journal={Nature},
  volume={541},
  number={7635},
  pages={107--111},
  year={2017},
  publisher={Nature Publishing Group}
}
@article{moffitt2016high,
  title={High-throughput single-cell gene-expression profiling with multiplexed error-robust fluorescence in situ hybridization},
  author={Moffitt, Jeffrey R and Hao, Junjie and Wang, Guiping and Chen, Kok Hao and Babcock, Hazen P and Zhuang, Xiaowei},
  journal={Proceedings of the National Academy of Sciences},
  volume={113},
  number={39},
  pages={11046--11051},
  year={2016},
  publisher={National Acad Sciences}
}
@article{li2020identifying,
  title={Identifying signaling genes in spatial single cell expression data},
  author={Li, Dongshunyi and Ding, Jun and Bar-Joseph, Ziv},
  journal={Bioinformatics},
  year={2020},
  publisher={Oxford University Press}
}
@article{yuan2019gcng,
  title={GCNG: Graph convolutional networks for inferring cell-cell interactions},
  author={Yuan, Ye and Bar-Joseph, Ziv},
  journal={Genome Biology},
  year={2020},
  publisher={Springer}
}
@article{partel2020spage2vec,
  title={Spage2vec: Unsupervised detection of spatial gene expression constellations},
  author={Partel, Gabriele and W{\"a}hlby, Carolina},
  journal={bioRxiv},
  year={2020},
  publisher={Cold Spring Harbor Laboratory}
}
@article{arnol2019modeling,
  title={Modeling cell-cell interactions from spatial molecular data with spatial variance component analysis},
  author={Arnol, Damien and Schapiro, Denis and Bodenmiller, Bernd and Saez-Rodriguez, Julio and Stegle, Oliver},
  journal={Cell reports},
  volume={29},
  number={1},
  pages={202--211},
  year={2019},
  publisher={Elsevier}
}
@article{abdelaal2019comparison,
  title={A comparison of automatic cell identification methods for single-cell RNA sequencing data},
  author={Abdelaal, Tamim and Michielsen, Lieke and Cats, Davy and Hoogduin, Dylan and Mei, Hailiang and Reinders, Marcel JT and Mahfouz, Ahmed},
  journal={Genome biology},
  volume={20},
  number={1},
  pages={194},
  year={2019},
  publisher={Springer}
}
@article{shekhar2016comprehensive,
  title={Comprehensive classification of retinal bipolar neurons by single-cell transcriptomics},
  author={Shekhar, Karthik and Lapan, Sylvain W and Whitney, Irene E and Tran, Nicholas M and Macosko, Evan Z and Kowalczyk, Monika and Adiconis, Xian and Levin, Joshua Z and Nemesh, James and Goldman, Melissa and others},
  journal={Cell},
  volume={166},
  number={5},
  pages={1308--1323},
  year={2016},
  publisher={Elsevier}
}
@article{pandey2018comprehensive,
  title={Comprehensive identification and spatial mapping of habenular neuronal types using single-cell RNA-seq},
  author={Pandey, Shristi and Shekhar, Karthik and Regev, Aviv and Schier, Alexander F},
  journal={Current Biology},
  volume={28},
  number={7},
  pages={1052--1065},
  year={2018},
  publisher={Elsevier}
}
@article{tasic2016adult,
  title={Adult mouse cortical cell taxonomy revealed by single cell transcriptomics},
  author={Tasic, Bosiljka and Menon, Vilas and Nguyen, Thuc Nghi and Kim, Tae Kyung and Jarsky, Tim and Yao, Zizhen and Levi, Boaz and Gray, Lucas T and Sorensen, Staci A and Dolbeare, Tim and others},
  journal={Nature neuroscience},
  volume={19},
  number={2},
  pages={335--346},
  year={2016},
  publisher={Nature Publishing Group}
}
@article{xia2019spatial,
  title={Spatial transcriptome profiling by MERFISH reveals subcellular RNA compartmentalization and cell cycle-dependent gene expression},
  author={Xia, Chenglong and Fan, Jean and Emanuel, George and Hao, Junjie and Zhuang, Xiaowei},
  journal={Proceedings of the National Academy of Sciences},
  volume={116},
  number={39},
  pages={19490--19499},
  year={2019},
  publisher={National Acad Sciences}
}
@article{stoltzfus2020cytomap,
  title={CytoMAP: a spatial analysis toolbox reveals features of myeloid cell organization in lymphoid tissues},
  author={Stoltzfus, Caleb R and Filipek, Jakub and Gern, Benjamin H and Olin, Brandy E and Leal, Joseph M and Wu, Yajun and Lyons-Cohen, Miranda R and Huang, Jessica Y and Paz-Stoltzfus, Clarissa L and Plumlee, Courtney R and others},
  journal={Cell reports},
  volume={31},
  number={3},
  pages={107523},
  year={2020},
  publisher={Elsevier}
}
@inproceedings{yedidia2001generalized,
  title={Generalized belief propagation},
  author={Yedidia, Jonathan S and Freeman, William T and Weiss, Yair},
  booktitle={Advances in neural information processing systems},
  pages={689--695},
  year={2001}
}
@article{ashburner2000gene,
  title={Gene ontology: tool for the unification of biology},
  author={Ashburner, Michael and Ball, Catherine A and Blake, Judith A and Botstein, David and Butler, Heather and Cherry, J Michael and Davis, Allan P and Dolinski, Kara and Dwight, Selina S and Eppig, Janan T and others},
  journal={Nature genetics},
  volume={25},
  number={1},
  pages={25--29},
  year={2000},
  publisher={Nature Publishing Group}
}
@article{gene2019gene,
  title={The gene ontology resource: 20 years and still GOing strong},
  author={Gene Ontology Consortium},
  journal={Nucleic acids research},
  volume={47},
  number={D1},
  pages={D330--D338},
  year={2019},
  publisher={Oxford University Press}
}
@article{mi2017panther,
  title={PANTHER version 11: expanded annotation data from Gene Ontology and Reactome pathways, and data analysis tool enhancements},
  author={Mi, Huaiyu and Huang, Xiaosong and Muruganujan, Anushya and Tang, Haiming and Mills, Caitlin and Kang, Diane and Thomas, Paul D},
  journal={Nucleic acids research},
  volume={45},
  number={D1},
  pages={D183--D189},
  year={2017},
  publisher={Oxford University Press}
}